<?xml version="1.0" encoding="utf-8"?>
<record xmlns="http://www.loc.gov/MARC21/slim" xmlns:xsi="http://www.w3.org/2001/XMLSchema-instance" xsi:schemaLocation="http://www.loc.gov/MARC21/slim http://www.loc.gov/standards/marcxml/schema/MARC21slim.xsd">
	<leader>     nam a22        4500</leader>
	<controlfield tag="001">b12784898</controlfield>
	<controlfield tag="003">LeBAU</controlfield>
	<controlfield tag="006">m        d        </controlfield>
	<controlfield tag="007">cr cn |||m|||a</controlfield>
	<controlfield tag="008">170316s1900    le      ob    000 0 ara d</controlfield>
	<datafield ind1=" " ind2=" " tag="040">
		<subfield code="a">NNU</subfield>
		<subfield code="b">ara</subfield>
		<subfield code="e">rda</subfield>
		<subfield code="c">NNU</subfield>
	</datafield>
	<datafield ind1="1" ind2=" " tag="041">
		<subfield code="a">ara</subfield>
		<subfield code="h">lat</subfield>
	</datafield>
	<datafield ind1=" " ind2="4" tag="050">
		<subfield code="a">BX1970</subfield>
		<subfield code="b">.K36 1900</subfield>
	</datafield>
	<datafield ind1="0" ind2="4" tag="082">
		<subfield code="a">281.5</subfield>
		<subfield code="2">22</subfield>
	</datafield>
	<datafield ind1="2" ind2=" " tag="110">
		<subfield code="6">880-01</subfield>
		<subfield code="a">Kanīsah al-Kāthūlīkīyah.</subfield>
		<subfield code="b">Baṭrīyarkīyat Anṭākiyah al-Mārūnīyah (Syria)</subfield>
		<subfield code="e">issuing body.</subfield>
	</datafield>
	<datafield ind1="0" ind2="0" tag="245">
		<subfield code="6">880-02</subfield>
		<subfield code="a">al-Majmaʻ al-iqlīmī alladhī ʻaqadahu fī Jabal Lubnān al-Sayyid al-Sāmī al-Iḥtirām Baṭriyark ṭāʼifat al-Siryān al-Mawārinah al-Anṭākī wa-ruʼasāʼ asāqifatihā wa-asāqifatihā wa-aklīrsuhā al-ʻālamī wa-al-qānūnī bi-muʼāzat al-Sayyid al-Fāʼiq al-Iḥtirām Yūsuf Samʻān al-Samʻānī qāṣid al-kursī al-rasūlī fī al-thalāthīn min Aylūl wa-al-awwal wa-al-thānī min Tishrīn al-Awwal sanat 1736 li-ʻahd al-Ḥibr al-Aʻẓam Aklīminth al-Thānī ʻAshar / tarjamahu ʻan al-nuskhah al-Lātīnīyah al-maṭbūʻah fī Rūmīyah bi-Maṭbaʻat al-Īmān al-Muqaddas sanat 1823 al-Muṭran̄ Yūsuf Najm.</subfield>
	</datafield>
	<datafield ind1=" " ind2="1" tag="264">
		<subfield code="6">880-03</subfield>
		<subfield code="a">Jūniyah, Lubnān :</subfield>
		<subfield code="b">Maṭba‘at al-Arz,</subfield>
		<subfield code="c">1900.</subfield>
	</datafield>
	<datafield ind1=" " ind2=" " tag="300">
		<subfield code="6">880-04</subfield>
		<subfield code="a">online resource (562, 218 pages)</subfield>
	</datafield>
	<datafield ind1=" " ind2=" " tag="336">
		<subfield code="a">text</subfield>
		<subfield code="2">rdacontent</subfield>
	</datafield>
	<datafield ind1=" " ind2=" " tag="337">
		<subfield code="a">computer</subfield>
		<subfield code="2">rdamedia</subfield>
	</datafield>
	<datafield ind1=" " ind2=" " tag="338">
		<subfield code="a">online resource</subfield>
		<subfield code="2">rdacarrier</subfield>
	</datafield>
	<datafield ind1=" " ind2=" " tag="500">
		<subfield code="a">Non-Latin script record</subfield>
	</datafield>
	<datafield ind1=" " ind2=" " tag="500">
		<subfield code="a">Non-Latin script record</subfield>
	</datafield>
	<datafield ind1=" " ind2=" " tag="500">
		<subfield code="a">Part of the Arabic Collections Online (ACO) project, contributed by American University of Beirut's Jafet Memorial Library.</subfield>
	</datafield>
	<datafield ind1=" " ind2=" " tag="533">
		<subfield code="a">Electronic reproduction.</subfield>
		<subfield code="b">New York, N.Y. :</subfield>
		<subfield code="c">New York University,</subfield>
		<subfield code="d">2017.</subfield>
		<subfield code="5">NNU</subfield>
	</datafield>
	<datafield ind1="2" ind2="0" tag="610">
		<subfield code="6">880-05</subfield>
		<subfield code="a">Catholic Church.</subfield>
		<subfield code="b">Maronite Patriarchate of Antioch (Syria)</subfield>
	</datafield>
	<datafield ind1="2" ind2="0" tag="610">
		<subfield code="6">880-06</subfield>
		<subfield code="a">Catholic Church</subfield>
		<subfield code="x">Maronite rites.</subfield>
	</datafield>
	<datafield ind1=" " ind2="0" tag="650">
		<subfield code="6">880-07</subfield>
		<subfield code="a">Maronites.</subfield>
	</datafield>
	<datafield ind1="1" ind2=" " tag="700">
		<subfield code="6">880-08</subfield>
		<subfield code="a">Najm, Yūsuf,</subfield>
		<subfield code="e">translator.</subfield>
	</datafield>
	<datafield ind1="2" ind2=" " tag="710">
		<subfield code="a">Jafet Memorial Library.</subfield>
	</datafield>
	<datafield ind1="0" ind2=" " tag="730">
		<subfield code="a">Arabic Collections Online.</subfield>
	</datafield>
	<datafield ind1="0" ind2="2" tag="740">
		<subfield code="6">880-09</subfield>
		<subfield code="a">Dhayl lil-Majma‘ Lubnānī.</subfield>
	</datafield>
	<datafield ind1="0" ind2="8" tag="776">
		<subfield code="i">Print version:</subfield>
		<subfield code="a">Kanīsah al-Kāthūlīkīyah. Baṭrīyarkīyat Anṭākiyah al-Mārūnīyah (Syria) issuing body.</subfield>
		<subfield code="t">al-Majmaʻ al-iqlīmī alladhī ʻaqadahu fī Jabal Lubnān al-Sayyid al-Sāmī al-Iḥtirām Baṭriyark ṭāʼifat al-Siryān al-Mawārinah al-Anṭākī wa-ruʼasāʼ asāqifatihā wa-asāqifatihā wa-aklīrsuhā al-ʻālamī wa-al-qānūnī bi-muʼāzat al-Sayyid al-Fāʼiq al-Iḥtirām Yūsuf Samʻān al-Samʻānī qāṣid al-kursī al-rasūlī fī al-thalāthīn min Aylūl wa-al-awwal wa-al-thānī min Tishrīn al-Awwal sanat 1736 li-ʻahd al-Ḥibr al-Aʻẓam Aklīminth al-Thānī ʻAshar / tarjamahu ʻan al-nuskhah al-Lātīnīyah al-maṭbūʻah fī Rūmīyah bi-Maṭbaʻat al-Īmān al-Muqaddas sanat 1823 al-Muṭran̄ Yūsuf Najm</subfield>
		<subfield code="w">(LeBAU)b12784898</subfield>
	</datafield>
	<datafield ind1="4" ind2="0" tag="856">
		<subfield code="u">http://hdl.handle.net/2333.1/4j0zphs6</subfield>
	</datafield>
	<datafield ind1="2" ind2=" " tag="880">
		<subfield code="6">110-01</subfield>
		<subfield code="a">الكنيسة الكاثوليكية.</subfield>
		<subfield code="b">بطريركية أنطاكية المارونية (سوريا)</subfield>
		<subfield code="e">هيئة إصداء.</subfield>
		<subfield code="4">isb.</subfield>
	</datafield>
	<datafield ind1="1" ind2="0" tag="880">
		<subfield code="6">245-02</subfield>
		<subfield code="a">المجمع الإقليمي الذي عقده في جبل لبنان السيد السامي الإحترام بطريرك طائفة السريان الموارنة الأنطاكي ورؤساء أساقفتها وأساقفتها وأكليرسها العالمي و القانوني بموازة السيد الفائق الإحترام يوسف سمعان السمعاني قاصد الكرسي الرسولي في الثلاثين من أيلول و الأول و الثاني من تشرين الأول سنة 1726 لعهد الحبر الأعظم أكليمنت الثاني عشر / ترجمه عن النسخة اللاتينية المطبوعة في رومية بمطبعة إنتشار الإيمان المقدس سنة 1820 المطران يوسف نجم، مطران عكا النائب البطريركي.</subfield>
	</datafield>
	<datafield ind1=" " ind2="1" tag="880">
		<subfield code="6">264-03</subfield>
		<subfield code="a">جونية، لبنان :</subfield>
		<subfield code="b">مطبعة الأرز،</subfield>
		<subfield code="c">1900.</subfield>
	</datafield>
	<datafield ind1=" " ind2=" " tag="880">
		<subfield code="6">300-04</subfield>
		<subfield code="a">562، 218 صفحة ؛</subfield>
		<subfield code="c">25 سم</subfield>
	</datafield>
	<datafield ind1=" " ind2=" " tag="880">
		<subfield code="6">500-00</subfield>
		<subfield code="a">على الصفحة التي تسبق صفحة العنوان: المجمع اللبناني.</subfield>
	</datafield>
	<datafield ind1=" " ind2=" " tag="880">
		<subfield code="6">500-00</subfield>
		<subfield code="a">مترجم عن اللاتينية.</subfield>
	</datafield>
	<datafield ind1=" " ind2=" " tag="880">
		<subfield code="6">500-00</subfield>
		<subfield code="a">في آخر الكتاب: ذيل للمجمع اللبناني.</subfield>
	</datafield>
	<datafield ind1=" " ind2=" " tag="880">
		<subfield code="6">504-00</subfield>
		<subfield code="a">يتضمن مراجع ببليوغرافية.</subfield>
	</datafield>
	<datafield ind1="2" ind2="4" tag="880">
		<subfield code="6">610-05</subfield>
		<subfield code="a">الكنيسة الكاثوليكية.</subfield>
		<subfield code="b">بطريركية أنطاكية المارونية (سوريا)</subfield>
	</datafield>
	<datafield ind1="2" ind2="4" tag="880">
		<subfield code="6">610-06</subfield>
		<subfield code="a">الكنيسة الكاثوليكية</subfield>
		<subfield code="x">الطقوس المارونية.</subfield>
	</datafield>
	<datafield ind1=" " ind2="4" tag="880">
		<subfield code="6">650-07</subfield>
		<subfield code="a">الموارنة.</subfield>
	</datafield>
	<datafield ind1="1" ind2=" " tag="880">
		<subfield code="6">700-08</subfield>
		<subfield code="a">نجم، يوسف،</subfield>
		<subfield code="e">مترجم.</subfield>
		<subfield code="4">trl.</subfield>
	</datafield>
	<datafield ind1="0" ind2="2" tag="880">
		<subfield code="6">740-09</subfield>
		<subfield code="a">ذيل للمجمع اللبناني.</subfield>
	</datafield>
	<datafield ind1=" " ind2=" " tag="959">
		<subfield code="a">NNU</subfield>
		<subfield code="b">WEB</subfield>
		<subfield code="c">GENI</subfield>
		<subfield code="t">0</subfield>
		<subfield code="m">Electronic access</subfield>
		<subfield code="s">01</subfield>
	</datafield>
	<datafield ind1=" " ind2=" " tag="999">
		<subfield code="i">LeBAU_b12784898</subfield>
		<subfield code="s">aub_aco000422</subfield>
		<subfield code="e">(ERROR-880)</subfield>
		<subfield code="s">aub_aco000422</subfield>
	</datafield>
</record>
